<record><leader>00000cas a22000007a 4500</leader><controlfield tag="001">14631896</controlfield><controlfield tag="008">861104c19789999mnuwr ne      0   a0eng d</controlfield><datafield ind1=" " ind2=" " tag="010"><subfield code="a">sn 86003148 </subfield></datafield><datafield ind1=" " ind2=" " tag="040"><subfield code="a">NSD</subfield><subfield code="b">eng</subfield><subfield code="c">NSD</subfield><subfield code="d">MN#</subfield><subfield code="d">OCL</subfield><subfield code="d">OCLCQ</subfield><subfield code="d">OCLCF</subfield><subfield code="d">OCLCO</subfield></datafield><datafield ind1=" " ind2=" " tag="012"><subfield code="l">1</subfield></datafield><datafield ind1="1" ind2=" " tag="022"><subfield code="a">0891-0731</subfield><subfield code="l">0891-0731</subfield><subfield code="2">1</subfield></datafield><datafield ind1="1" ind2=" " tag="029"><subfield code="a">AU@</subfield><subfield code="b">000025819764</subfield></datafield><datafield ind1=" " ind2=" " tag="037"><subfield code="b">The ECM Post-Review, 730 Elm St., North Branch, MN 55056</subfield></datafield><datafield ind1=" " ind2=" " tag="042"><subfield code="a">nsdp</subfield></datafield><datafield ind1=" " ind2=" " tag="043"><subfield code="a">n-us-mn</subfield></datafield><datafield ind1=" " ind2=" " tag="052"><subfield code="a">4144</subfield><subfield code="b">N58</subfield></datafield><datafield ind1=" " ind2=" " tag="052"><subfield code="a">4143</subfield><subfield code="b">C45</subfield></datafield><datafield ind1=" " ind2="4" tag="222"><subfield code="a">The ECM post-review</subfield></datafield><datafield ind1="0" ind2="4" tag="245"><subfield code="a">The ECM post-review.</subfield></datafield><datafield ind1="3" ind2=" " tag="246"><subfield code="a">East Central Minnesota post-review</subfield></datafield><datafield ind1=" " ind2=" " tag="260"><subfield code="a">North Branch, Minn. :</subfield><subfield code="b">Self Pub. Co.,</subfield><subfield code="c">1978-</subfield></datafield><datafield ind1=" " ind2=" " tag="300"><subfield code="a">v.</subfield></datafield><datafield ind1=" " ind2=" " tag="310"><subfield code="a">Weekly</subfield></datafield><datafield ind1="0" ind2=" " tag="362"><subfield code="a">Vol. 103, no. 43 (July 13, 1978)-</subfield></datafield><datafield ind1=" " ind2=" " tag="530"><subfield code="a">Available on microfilm from the Minnesota Historical Society.</subfield></datafield><datafield ind1=" " ind2="0" tag="651"><subfield code="a">Chisago County (Minn.)</subfield><subfield code="v">Newspapers.</subfield></datafield><datafield ind1=" " ind2="7" tag="655"><subfield code="a">Newspapers.</subfield><subfield code="2">fast</subfield><subfield code="0">(OCoLC)fst01423814</subfield></datafield><datafield ind1=" " ind2="7" tag="651"><subfield code="a">Minnesota</subfield><subfield code="z">Chisago County.</subfield><subfield code="2">fast</subfield><subfield code="0">(OCoLC)fst01212629</subfield></datafield><datafield ind1=" " ind2=" " tag="752"><subfield code="a">United States</subfield><subfield code="b">Minnesota</subfield><subfield code="c">Chisago</subfield><subfield code="d">North Branch.</subfield></datafield><datafield ind1="0" ind2="0" tag="780"><subfield code="t">Post-review</subfield><subfield code="w">(DLC)sn 91059029</subfield></datafield></record>